% Encoding: UTF-8

@InProceedings{rdf-advantage-of-sdr,
    author={Hrabal, Josef
        and Seidl, David
        and Krumnikl, Michal
        and Moravec, Pavel
        and Olivka, Petr},
    title={The Radio Direction Finding with Advantage of the Software Defined Radio},
    booktitle={Computer Information Systems and Industrial Management},
    year={2016},
    pages={720--728},
}

@ARTICLE{hertz-expeirments,
  author={Bryant, J.H.},
  journal={IEEE Transactions on Microwave Theory and Techniques}, 
  title={The first century of microwaves-1886 to 1986}, 
  year={1988},
  volume={36},
  pages={830-858},
}

@article{sdr-modern-approach,
author = {Lingaiah, Dharmendra},
year = {2003},
pages = {86- 95},
title = {Software radio: A modern approach to radio engineering},
journal = {Software, IEEE},
}

@book{radio-systems,
  title={Radio Systems Engineering},
  author={Ellingson, S.W.},
  year={2016},
  publisher={Cambridge University Press}
}

@article{df-history,
    title={A Sampling of Direction-Finding Systems},
    author={Herskovitz, Don},
    year={2000},
    pages = {57-65},
    journal={Journal of Electronic Defense 23},
}

@article{morse-adf, 
    title={Automatic Direction Finders: The grandfather of all radio navigation aids}, 
    journal={StackPath}, 
    author={Labue, Frank},
    year = {1999}
    
}

@inproceedings{triangulation-vs-trilateration,
    author = {Akram, Muhammad and Khiyal, Malik and Ahmad, Munir and Abbas, Sheikh},
    year = {2014},
    pages = {2-4},
    title = {Decision Tree for Selection Appropriate Location Estimation Technique of GSM Cellular Network}
}

@INPROCEEDINGS{tdoa,
  author={Mofeed, Mohamed Abd Elsalam and Elsalam Mofeed, Hohamed Abd},
  booktitle={Proceedings of the Twenty-Second National Radio Science Conference, 2005. NRSC 2005.}, 
  title={Direction-of-arrival methods (DOA) and time difference of arrival (TDOA) position location technique}, 
  year={2005},
  pages={173-182},
}

@article{wild-life-telem,
    title={The use of transmitters in biological research},
    author={Anderson, G and Hansen, BH and Kirkegaard, M},
    journal={Hosten},
    yeah={2005}, 
}

@article{tdoa-calculation,
    title={Finding Location with Time of Arrival and Time Difference of Arrival Techniques},
    author={O’Keefe, Brian},
    year={2017},
    journal={Tufts University, ECE Senior Project},
}

@book{tdoa-formula,
    title={Tdoa localization techniques},
    author={Roberts, R},
    year={2004},
    publisher={Harris Corporation},
}

@InProceedings{tdao-2d,
    author="Shi, Guowei and Ming, Ying",
    title="Survey of Indoor Positioning Systems Based on Ultra-wideband (UWB) Technology",
    booktitle="Wireless Communications, Networking and Applications",
    year="2016",
    publisher="Springer India",
    pages="1269--1278",
}

@misc{crfs_2021, 
    title={How accurate is TDOA geolocation? - CRFS - Spectrum Monitoring and Geolocation}, url={https://www.crfs.com/blog/how-accurate-tdoa-geolocation/}, 
    journal={CRFS}, 
    year={2020}, 
    month={Oct}}

@article{df-issues,
    title={Factors limiting the accuracy of Doppler and Adcock direction finding systems},
    author={Hammerle, R},
    year={1989},
    journal={IEE Colloquium on Passive Direction Finding},
}

@InProceedings{pd-wildlife,
    booktitle={Handbook of Position Location: Theory, Practice, and Advances},
    author={MacCurdy, R. B and Gabrielson, R. M. and Cortopassi, K. A.},
    year={2012},
    title={Automated wildlife radio tracking},
    pages={Chapter 33},
}
@phdthesis{pd-thesis,
  author       = {Anup, Karki}, 
  title        = {Radio direction finding using pseudo-Doppler for UAV-based Animal Tracking},
  school       = {Grand Valley State University},
  year         = 2019,
}

@misc{pd-gnu,
    title={Shmoocon: Delightful doppler direction finding withsoftware defined radio.},
    author={Benchoff, B},
    url={https://hackaday.com/2018/01/23/shmoocon-delightful-doppler-direction-finding-with-software-defined-radio/},
    journal={HackADay},
    year={2020},
}

@Book{pd-sidebands,
    author={Moell, Joseph},
    title={Transmitter Hunting: Radio Direction Finding Simplified},
    publisher={TAB Books},
    pages={137},
    year={1987},
}

@misc{ww-patent,
  title={Direction finder operating according to the Watson-Watt principle},
  author={Donath, B},
  url={https://patents.google.com/patent/US4754281#patentCitations},
  year={1986},
  publisher={Munich},
  note={DE Patent 4754281, 29 09 1986}
}

@misc{ww-df,
    title={Adock/Watson-Watt Radio Direction Finding},
    author={Pellejero, I},
    year={1942},
    url={http://www.ipellejero.es/tecnico/adcock/english.php}
}

@Inproceedings{ww-diagram,
    title={Radio Direction Finding:Theory and Practices},
    author={Ahmed, N},
    year={2016},
    pages={22,28},
}

@article{gnu-con17,
    title={Direction of Arrival Analysis on a Mobile Platform},
    journal ={GNU Radio Conference 2017},
    publisher={San Diego},
    year={2017},
    author={Whiting, S and Moon, T},
}

@misc{DD007,
  title        = {R&S DDF007 Portable Direction Finder},
  author       = {Rhode and Schwarts}, 
  url = {https://www.rohde-schwarz.com/us/brochure-datasheet/ddf007/},
  year         = {2016},
}

@misc{kerberos,
  title        = {KerberosSDR -  QUICKSTART GUIDE},
  author       = {KerberosSDR}, 
  url = {https://www.rtl-sdr.com/ksdr/},
  year = {2021}
}

@misc{myriad,
    title={LimeSDR Project Wiki},
    author={MyRiadRF},
    url={https://wiki.myriadrf.org/LimeSDR-USB},
    year={2021},
}

@Book{james-banding,
    title={Ornithology, Third edition},
    author={Gill, Frank},
    publisher={ W. H. Freeman},
    year={2006},
}

@article{Phase-comparison,
  title={An Accurate Direction Finding Technology Using a Phase Comparison and Time Difference of Arrival},
  author={Joong-Soo Lim},
  journal={The Korea Academia-Industrial cooperation Society},
  year={2011},
  volume={12},
  pages={5208-5213}
}

@mastersthesis{phase-diff-calc,
  author  = {Guerin, D and Jackson, S},
  title   = {Phase Interferometry Direction Finding},
  school  = {Worcester Polytechnic Institute},
  year    = 2012,
  month   = October,
}

@misc{phase-comparison-issues, 
    title={Passive Direction Finding [DF] Techniques – Phase Comparison}, url={https://www.emsopedia.org/entries/passive-direction-finding-df-techniques-phase-comparison/}, journal={EMSOPEDIA}, 
    author={Ardoino, Riccardo}, 
    year={2021},
    month={Apr}
}

@mastersthesis{phase-diff-thesis,
  author       = {Jaks, Rein}, 
  title        = {UAV Direction Finding Using Phase Difference},
  school       = {University of Tartu},
  year         = 2020,
}

@article{smith,
    title={Mathematics of the Discrete Fourier Transform (DFT)},
    author={Smith, J. O},
    journal={W3k Publishing},
    year = {2007},
    pages = {35-37},
}

@misc{limesuite,
    title={Lime Suite Wiki},
    author={MyRiadRF},
    url={https://wiki.myriadrf.org/Lime_Suite},
    year={2021},
}

@misc{limesuite-soapy,
    title={The SoapySDR glue layer},
    author={MyRiadRF},
    url={https://myriadrf.org/news/limesdr-application-ecosystem/},
    year={2021},
}

@misc{gnuradio,
    title={GNU Radio Wiki - File Sinks},
    author={GNU Radio},
    url={https://wiki.gnuradio.org/index.php/File_Sink},
    year={2021},
}

@article{sdr-arch,
    title={Enabling MAC Protocol Implementations on Software- Defined Radios.},
    author={Nychis, G and Hottelier, T and Yang, Z and Seshan, S and Steenkiste, P},
    year ={2009},
    pages={91-105},
    journal={NSDI},
}

@misc{superhet,
    title={Superheterodyne receiver},
    author={Chetvorno},
    url={https://en.wikipedia.org/wiki/Superheterodyne_receiver},
    year={2016},
}

@misc{telem-issues,
    title={Direction Finding Antennas and Accuracy Part 2: Characterization of DF antennas},
    author={Nawroth, Norbert },
    year={2021},
    url={https://www.cojot.com/category/blogs/},
}

@book{sdr-for-engineers,
    title={Software-Defined Radio for Engineers},
    author={Collins, Travis F and Getz, Robin and Pu, Di and Wyglinski, Alexander H},
    publisher={Analogue Devices},
    year={2018},
}

@booklet{radio-history,
    title={A Short History of Radio},
    author={Wood, Joe},
    year={2014},
    howpublished={The History of Radio PDF},
}

@Article{maxwell1865viii,
  author    = {Maxwell, James Clerk},
  title     = {{VIII. A dynamical theory of the electromagnetic field}},
  journal   = {Philosophical transactions of the Royal Society of London},
  year      = {1865},
  number    = {155},
  pages     = {459--512},
  publisher = {The Royal Society London},
}

@Article{maxwell2,
  author    = {D.L. Sengupta and T.K. Sarkar},
  title     = {{Maxwell, Hertz, the Maxwellians, and the early history of electromagnetic waves}},
  journal   = {{IEEE} Antennas and Propagation Magazine},
  year      = {2003},
  volume    = {45},
  number    = {2},
  pages     = {13--19},
  month     = apr,
  doi       = {10.1109/map.2003.1203114},
  publisher = {Institute of Electrical and Electronics Engineers ({IEEE})},
}

@InCollection{hertz1893electromagnetic,
  author    = {Hertz, Heinrich},
  title     = {On electromagnetic waves in air and their reflection},
  booktitle = {Electric Waves, Being Researches on the Propagation of Electric Action with Finite Velocity Through Space},
  publisher = {Macmillan},
  year      = {1893},
  pages     = {519--528},
}

@Article{radio-development,
    title={How Radio Grew Up},
    author={Marriott, Robert H},
    journal={Radio Broadcast},
    year={1925},
    volume={VIII},
}

@InCollection{radio-propagation,
    title = {Radio-Wave Propagation: A Review},
    series = {Advances in Electronics and Electron Physics},
    publisher = {Academic Press},
    volume = {9},
    pages = {187-238},
    year = {1957},
    author = {R.L. Smith-Rose},
}

@book{radio-waves,
  title={Radio Wave Propagation},
  author={Picquenard, A.},
  series={Philips Technical Library},
  year={1974},
  publisher={Macmillan Education}
}

@Book{engineers-dsp,
    title={The Scientist and Engineers Guide to Digital Signal Processing},
    author={Smith, S},
    year={1999},
    publisher={California Technical Publishing},
    volume={Second Edition},
}

@Article{window,
    title={On the Use of Windows for Harmonic Analysis with the Discrete Fourier
Transform},
    author={Harris, F J},
    jorunal={Proceedings of the IEEE},
    year={1978},
    volume={Vol. 66},
}

@book{antenna,
  title={Antenna Theory: Analysis and Design},
  author={Balanis, C.A.},
  year={2012},
  publisher={Wiley}
}

@mastersthesis{gnu-delays,
    title={Timing delay characterization of GNU Radio based 802.15.4 network using LimeSDR},
    author={Hazra, Saptarshi},
    year={2018},
    school={KTH Roydal Institute of Technology (EECS)},
}


@misc{collar,
    title={GPS and VHF Tracking Collars used for Wildlife Monitoring},
    author={Wildlife ACT Conservation Research},
    url={https://wildlifeact.com/blog/gps-and-vhf-tracking-collars-used-for-wildlife-monitoring/},
    year={2014},
}